% Encoding: UTF-8

@InProceedings{brault2016random,
  author    = {Brault, Romain and Heinonen, Markus and d'Alch{\'e}-Buc, Florence},
  title     = {Random Fourier Features For Operator-Valued Kernels},
  booktitle = {Proceedings of The 8th Asian Conference on Machine Learning},
  year      = {2016},
  pages     = {110--125},
  keywords  = {ownpubs},
}

@InProceedings{brault2016scaling,
  author    = {Brault, Romain and Lim, N{\'e}h{\'e}my and d'Alch{\'e}-Buc, Florence},
  title     = {Scaling up Vector Autoregressive Models With Operator-Valued Random Fourier Features.},
  booktitle = {Proceedings of AALTD 2016: Second ECML/PKDD International Workshop on Advanced Analytics and Learning on Temporal Data},
  year      = {2016},
  pages     = {3},
  keywords  = {ownpubs-workshop},
}

@InProceedings{braultborne,
  title={Borne sur l'approximation de noyaux {\`a} valeurs op{\'e}rateurs {\`a} l'aide de transform{\'e}es de Fourier},
  author={Brault, Romain and d'Alch{\'e}--Buc, Florence},
  year = {2016},
  booktitle = {Soci\'et\'e Francaise des Statistiques},
  organization = {SFDS},
  keywords = {ownpubs-talk}
}

@InProceedings{goix2016one,
  author   = {Goix, Nicolas and Drougard, Nicolas and Brault, Romain and Chiapino, Ma{\"e}l},
  title    = {One Class Splitting Criteria for Random Forests},
  booktitle = {Proceedings of The 9th Asian Conference on Machine Learning},
  year      = {2017},
  keywords  = {ownpubs},
}

@Comment{jabref-meta: databaseType:bibtex;}
