% Encoding: UTF-8
edings{COLT15,
  title={Learning the dependence structure of rare events: a non-asymptotic study},
  author={Goix, N. and Sabourin, A. and ClÃ©menÃ§on, S.},
  booktitle={Proceedings of the 28th Conference on Learning Theory},
  pages={},
  year={2015},
}

@article{campbell1980robust,
  title={Robust procedures in multivariate analysis I: Robust covariance estimation},
  author={Campbell, Norm A},
  journal={Applied statistics},
  pages={231--237},
  year={1980},
  publisher={JSTOR},
  keywords = {extrems},
}


@InProceedings{AISTAT15,
  author    = {Goix, N. and Sabourin, A. and ClÃ©menÃ§on, S.},
  title     = {On Anomaly Ranking and Excess-Mass Curves},
  booktitle = {Proceedings of the Eighteenth International Conference on Artificial Intelligence and Statistics},
  year      = {2015},
  pages     = {287â€“295},
  keywords  = {extrems},
}

@Article{sklearn2011,
  author    = {Pedregosa, F. and Varoquaux, G. and Gramfort, A. and Michel, V. and Thirion, B. and Grisel, O. and Blondel, M. and Prettenhofer, P. and Weiss, R. and Dubourg, V. and others},
  title     = {Scikit-learn: Machine learning in Python},
  journal   = {JMLR},
  year      = {2011},
  keywords  = {extrems},
  publisher = {JMLR},
}

@Article{Polonik97,
  author   = {W. Polonik},
  title    = {{Minimum volume sets and generalized quantile processes}},
  journal  = {Stochastic Processes and their Applications},
  year     = {1997},
  keywords = {extrems},
}

@Article{Einmahl1992,
  author    = {Einmahl, John HJ and Mason, David M},
  title     = {Generalized quantile processes},
  journal   = {The Annals of Statistics},
  year      = {1992},
  pages     = {1062--1078},
  keywords  = {extrems},
  publisher = {JSTOR},
}

@InCollection{McDiarmid98,
  author    = {McDiarmid, Colin},
  title     = {Concentration},
  booktitle = {Probabilistic Methods for Algorithmic Discrete Mathematics},
  publisher = {Springer Berlin Heidelberg},
  year      = {1998},
  editor    = {Habib, M. and McDiarmid, C. and Ramirez-Alfonsin, J. and Reed, B.},
  volume    = {16},
  series    = {Algorithms and Combinatorics},
  pages     = {195-248},
  keywords  = {extrems},
  language  = {English},
}

@Article{Tax2002,
  author   = {Tax, D.MJ and Duin, R.PW},
  title    = {Uniform object generation for optimizing one-class classifiers},
  journal  = {JMLR},
  year     = {2002},
  keywords = {extrems},
}

@Book{Vapnik74,
  title     = {Theory of Pattern Recognition [in Russian]},
  publisher = {Nauka},
  year      = {1974},
  author    = {Vapnik, V. and Chervonenkis, A.},
  note      = {(German Translation: W.~Wapnik \& A.~Tscherwonenkis, {\em Theorie der Zeichenerkennung}, Akademie--Verlag, Berlin, 1979)},
  keywords  = {extrems},
}

@Book{BLM2013,
  title     = {Concentration Inequalities: A Nonasymptotic Theory of Independence},
  publisher = {Oxford University Press},
  year      = {2013},
  author    = {Boucheron, S. and Lugosi, G. and Massart, P.},
  keywords  = {extrems},
}

@Article{Anthony93,
  author   = {Anthony, M. and Shawe-Taylor, J.},
  title    = {A result of Vapnik with applications},
  journal  = {Discrete Applied Mathematics},
  year     = {1993},
  volume   = {47},
  number   = {3},
  pages    = {207 - 217},
  keywords = {extrems},
}

@InCollection{Bousquet04,
  author    = {Bousquet, O. and Boucheron, S. and Lugosi, G.},
  title     = {Introduction to Statistical Learning Theory},
  booktitle = {Advanced Lectures on Machine Learning},
  publisher = {Springer Berlin Heidelberg},
  year      = {2004},
  editor    = {Bousquet, Olivier and von Luxburg, Ulrike and RÃ¤tsch, Gunnar},
  volume    = {3176},
  series    = {Lecture Notes in Computer Science},
  keywords  = {extrems},
  language  = {English},
}

@Article{BBL05,
  author   = {Boucheron, S. and Bousquet, O. and Lugosi, G.},
  title    = {{{T}heory of {C}lassification: {A} {S}urvey of {S}ome {R}ecent {A}dvances}},
  journal  = {ESAIM: Probability and Statistics},
  year     = {2005},
  volume   = {9},
  pages    = {323--375},
  keywords = {extrems},
}

@Article{Wellner78,
  author    = {Wellner, JA.},
  title     = {Limit theorems for the ratio of the empirical distribution function to the true distribution function},
  journal   = {Zeitschrift fÃ¼r Wahrscheinlichkeitstheorie und Verwandte Gebiete},
  year      = {1978},
  volume    = {45},
  number    = {1},
  pages     = {73-88},
  keywords  = {extrems},
  language  = {English},
  publisher = {Springer-Verlag},
}

@Book{Devroye96,
  title     = {A Probabilistic Theory of Pattern Recognition},
  publisher = {U.S. Government Printing Office},
  year      = {1996},
  author    = {Devroye, L. and Gy{\"o}rfi, L. and Lugosi, G.},
  series    = {Applications of mathematics : stochastic modelling and applied probability},
  keywords  = {extrems},
}

@Article{Kolt06,
  author   = {V. Koltchinskii},
  title    = {Local {R}ademacher complexities and oracle inequalities in risk minimization (with discussion)},
  journal  = {The Annals of Statistics},
  year     = {2006},
  volume   = {34},
  pages    = {2593--2706},
  keywords = {extrems},
}

@Article{Scholkopf2001,
  author    = {Sch{\"o}lkopf, B. and Platt, J.C. and Shawe-Taylor, J. and Smola, A.J. and Williamson, R.C.},
  title     = {Estimating the support of a high-dimensional distribution},
  journal   = {Neural computation},
  year      = {2001},
  keywords  = {extrems},
  publisher = {MIT Press},
}

@Article{Quinn2014,
  author    = {Quinn, J.A and Sugiyama, M.},
  title     = {A least-squares approach to anomaly detection in static and sequential data},
  journal   = {Pattern Recognition Letters},
  year      = {2014},
  keywords  = {extrems},
  publisher = {Elsevier},
}

@Article{Sugiyama2010,
  author    = {Sugiyama, M.},
  title     = {Superfast-trainable multi-class probabilistic classifier by least-squares posterior fitting},
  journal   = {IEICE Transactions on Information and Systems},
  year      = {2010},
  keywords  = {extrems},
  publisher = {The Institute of Electronics, Information and Communication Engineers},
}

@Article{Scott2006,
  author   = {Scott, C.D and Nowak, R.D},
  title    = {Learning minimum volume sets},
  journal  = {JMLR},
  year     = {2006},
  keywords = {extrems},
}

%%%%%%%%%%%%%%%%%%%%%%%%%%%%%%%Ã¹ Random Forest %%%%%%%%%%%%%%%%%%%%%%%%%%%%%%%%%%%

@Article{Breiman2001,
  author    = {Breiman, L.},
  title     = {Random Forests},
  journal   = {Machine Learning},
  year      = {2001},
  issn      = {0885-6125},
  keywords  = {extrems},
  language  = {English},
  publisher = {Kluwer Academic Publishers},
}

@InCollection{Louppe2013,
  author    = {Louppe, G. and Wehenkel, L. and Sutera, A. and Geurts, P.},
  title     = {Understanding variable importances in forests of randomized trees},
  booktitle = {Advances in Neural Information Processing Systems 26},
  publisher = {Curran Associates, Inc.},
  year      = {2013},
  editor    = {C.J.C. Burges and L. Bottou and M. Welling and Z. Ghahramani and K.Q. Weinberger},
  keywords  = {extrems},
}

@Article{Shannon2001,
  author   = {Shannon, C. E.},
  title    = {A mathematical theory of communication},
  journal  = {ACM SIGMOBILE MC2R},
  year     = {2001},
  keywords = {extrems},
}

@Article{Gini1912,
  author    = {Gini, C.},
  title     = {Variabilita e mutabilita.},
  journal   = {Memorie di metodologia statistica},
  year      = {1912},
  keywords  = {extrems},
  publisher = {Libreria Eredi Virgilio Veschi, Rome},
}

@Article{Geurts2006,
  author    = {Geurts, P. and Ernst, D. and Wehenkel, L.},
  title     = {Extremely randomized trees},
  journal   = {Machine learning},
  year      = {2006},
  keywords  = {extrems},
  publisher = {Springer},
}

@InCollection{Desir12,
  author    = {D{\'e}sir, C. and Bernard, S. and Petitjean, C. and Heutte, L.},
  title     = {A New Random Forest Method for One-Class Classification},
  booktitle = {Structural, Syntactic, and Statistical Pattern Recognition},
  publisher = {Springer},
  year      = {2012},
  keywords  = {extrems},
}

@Article{Desir13,
  author    = {D{\'e}sir, Chesner and Bernard, Simon and Petitjean, Caroline and Heutte, Laurent},
  title     = {One Class Random Forests},
  journal   = {Pattern Recogn.},
  year      = {2013},
  keywords  = {extrems},
  publisher = {Elsevier Science Inc.},
}

@Article{Shi2012,
  author   = {Shi, T. and Horvath, S.},
  title    = {Unsupervised learning with random forest predictors},
  journal  = {J. Comp. Graph. Stat.},
  year     = {2012},
  keywords = {extrems},
}

@InProceedings{Flach2003,
  author    = {Flach, P.A.},
  title     = {The geometry of ROC space: understanding ml metrics through ROC isometrics},
  booktitle = {ICML},
  year      = {2003},
  keywords  = {extrems},
}

@Article{Ho1998,
  author    = {Ho, T.K.},
  title     = {The random subspace method for constructing decision forests},
  journal   = {TPAMI},
  year      = {1998},
  keywords  = {extrems},
  publisher = {IEEE},
}

@Article{Amit1997,
  author   = {Amit, Y. and Geman, D.},
  title    = {Shape quantization and recognition with randomized trees},
  journal  = {Neural comp.},
  year     = {1997},
  keywords = {extrems},
}

@Book{Panov2007,
  title     = {Combining bagging and random subspaces to create better ensembles},
  publisher = {Springer},
  year      = {2007},
  author    = {Panov, P. and D{\v{z}}eroski, S.},
  keywords  = {extrems},
}

@Article{Svetnik2003,
  author   = {Svetnik, V. and Liaw, A. and Tong, C. and Culberson, J C. and Sheridan, R.P and Feuston, B.P},
  title    = {Random forest: a classification and regression tool for compound classification and QSAR modeling},
  journal  = {J. Chem. Inf. Model.},
  year     = {2003},
  keywords = {extrems},
}

@Article{Diaz2006,
  author    = {D{\'\i}az-Uriarte, R. and De Andres, S.A.},
  title     = {Gene selection and classification of microarray data using random forest},
  journal   = {BMC bioinformatics},
  year      = {2006},
  keywords  = {extrems},
  publisher = {BioMed Central},
}

@Article{Genuer2010,
  author    = {Genuer, R. and Poggi, J.-M. and Tuleau-Malot, C.},
  title     = {Variable selection using random forests},
  journal   = {Pattern Recog. Letters},
  year      = {2010},
  keywords  = {extrems},
  publisher = {Elsevier},
}

@Article{Genuer2008,
  author   = {Genuer, R. and Poggi, J.-M. and Tuleau, C.},
  title    = {Random Forests: some methodological insights},
  journal  = {arXiv:0811.3619},
  year     = {2008},
  keywords = {extrems},
}

@Article{Louppe2014,
  author    = {Louppe, G.},
  title     = {Understanding random forests: From theory to practice},
  journal   = {arXiv:1407.7502},
  year      = {2014},
  booktitle = {PhD thesis},
  keywords  = {extrems},
}

@Article{Scornet2015,
  author    = {Scornet, Erwan and Biau, G{\'e}rard and Vert, Jean-Philippe and others},
  title     = {Consistency of random forests},
  journal   = {The Annals of Statistics},
  year      = {2015},
  volume    = {43},
  number    = {4},
  pages     = {1716--1741},
  keywords  = {extrems},
  publisher = {Institute of Mathematical Statistics},
}

@Article{Biau2016,
  author    = {Biau, G. and Scornet, E.},
  title     = {A random forest guided tour},
  journal   = {Test},
  year      = {2016},
  volume    = {25},
  number    = {2},
  pages     = {197--227},
  keywords  = {extrems},
  publisher = {Springer},
}

@Article{Biau2008,
  author   = {Biau, G. and Devroye, L. and Lugosi, G.},
  title    = {Consistency of random forests and other averaging classifiers},
  journal  = {Journal of Machine Learning Research},
  year     = {2008},
  volume   = {9},
  number   = {Sep},
  pages    = {2015--2033},
  keywords = {extrems},
}

@InProceedings{Blanchard2004,
  author       = {Blanchard, G. and Sch{\"a}fer, C. and Rozenholc, Y.},
  title        = {Oracle bounds and exact algorithm for dyadic classification trees},
  booktitle    = {International Conference on Computational Learning Theory},
  year         = {2004},
  pages        = {378--392},
  organization = {Springer},
  keywords     = {extrems},
}

@InProceedings{Scott2009,
  author    = {Scott, C. and Blanchard, G.},
  title     = {Novelty detection: Unlabeled data definitely help.},
  booktitle = {AISTATS},
  year      = {2009},
  pages     = {464--471},
  keywords  = {extrems},
}

@InProceedings{CLEM14,
  author    = {S. Cl\'emen\c{c}on and S. Robbiano},
  title     = {{Anomaly Ranking as Supervised Bipartite Ranking}},
  booktitle = {ICML},
  year      = {2014},
  keywords  = {extrems},
}

@Article{Clemencon2009Tree,
  author    = {Cl{\'e}men{\c{c}}on, S. and Vayatis, N.},
  title     = {Tree-based ranking methods},
  journal   = {IEEE Transactions on Information Theory},
  year      = {2009},
  volume    = {55},
  number    = {9},
  pages     = {4316--4336},
  keywords  = {extrems},
  publisher = {IEEE},
}

%%%%%%%%%%%%%%%%%%%%%%%%%%%%%%%%%%%%%%%%%%%%%%%%%%%%%%%%%%%%%%%%%%%% EXTREMES %%%%%%%%%%%%%%%%%%%%%%%%%%%%%%%%%%%%%%%%%%%%%%%%%%%%%%%%%%%%

@Article{Fougeres2015,
  author    = {Fougeres, A.-L. and De Haan, L. and Mercadier, C.},
  title     = {Bias correction in multivariate extremes},
  journal   = {The Annals of Statistics},
  year      = {2015},
  volume    = {43},
  number    = {2},
  pages     = {903--934},
  keywords  = {extrems},
  publisher = {Institute of Mathematical Statistics},
}

@Article{Beirlant2015,
  author   = {Beirlant, Jan and Escobar-Bach, Mikael and Goegebeur, Yuri and Guillou, Armelle},
  title    = {Bias-corrected estimation of stable tail dependence function},
  journal  = {https://hal.archives-ouvertes.fr/hal-01115538},
  year     = {2015},
  month    = {Feb},
  keywords = {extrems},
}

@Article{Embrechts2000,
  author   = {Embrechts, P. and de Haan, L. and Huang, X.},
  title    = {Modelling Multivariate Extremes},
  journal  = {Extremes and Integrated Risk Management (Ed. P. Embrechts)},
  year     = {2000},
  volume   = {RISK Books},
  number   = {59-67},
  keywords = {extrems},
}

@Article{Stephenson2003,
  author    = {Stephenson, Alec},
  title     = {Simulating multivariate extreme value distributions of logistic type},
  journal   = {Extremes},
  year      = {2003},
  volume    = {6},
  number    = {1},
  pages     = {49--59},
  keywords  = {extrems},
  publisher = {Springer},
}

@Article{stephenson2009high,
  author    = {Stephenson, A.G.},
  title     = {High-Dimensional Parametric Modelling of Multivariate Extreme Events},
  journal   = {Australian \& New Zealand Journal of Statistics},
  year      = {2009},
  volume    = {51},
  number    = {1},
  pages     = {77--88},
  keywords  = {extrems},
  publisher = {Wiley-Blackwell},
}

@Article{Tawn90,
  author    = {Tawn, JA},
  title     = {Modelling multivariate extreme value distributions},
  journal   = {Biometrika},
  year      = {1990},
  volume    = {77},
  number    = {2},
  pages     = {245--253},
  keywords  = {extrems},
  publisher = {Biometrika Trust},
}

@Article{Drees98,
  author     = {Drees, H. and Huang, X.},
  title      = {Best Attainable Rates of Convergence for Estimators of the Stable Tail Dependence Function},
  journal    = {J. Multivar. Anal.},
  year       = {1998},
  volume     = {64},
  number     = {1},
  pages      = {25--47},
  month      = jan,
  address    = {Orlando, FL, USA},
  issue_date = {Jan., 1998},
  keywords   = {extrems},
  publisher  = {Academic Press, Inc.},
}

@Article{Einmahl2012,
  author    = {Einmahl, J. H. J. and Krajina, A. and Segers, J.},
  title     = {An M-estimator for tail dependence in arbitrary dimensions},
  journal   = {Ann. Statist.},
  year      = {2012},
  volume    = {40},
  pages     = {1764--1793},
  fjournal  = {The Annals of Statistics},
  keywords  = {extrems},
  publisher = {The Institute of Mathematical Statistics},
}

@Article{ELL2009,
  author   = {Einmahl, J. H. J. and Li, J. and Liu, R. Y.},
  title    = {Thresholding Events of Extreme in Simultaneous Monitoring of Multiple Risks},
  journal  = {Journal of the American Statistical Association},
  year     = {2009},
  volume   = {104},
  number   = {487},
  pages    = {982-992},
  keywords = {extrems},
}

@Article{Hill1975,
  author    = {Hill, B. M.},
  title     = {A Simple General Approach to Inference About the Tail of a Distribution},
  journal   = {Ann. Statist.},
  year      = {1975},
  volume    = {3},
  number    = {5},
  pages     = {1163--1174},
  month     = {09},
  fjournal  = {The Annals of Statistics},
  keywords  = {extrems},
  publisher = {The Institute of Mathematical Statistics},
}

@Article{Smith1987,
  author    = {Smith, R. L.},
  title     = {Estimating Tails of Probability Distributions},
  journal   = {Ann. Statist.},
  year      = {1987},
  volume    = {15},
  number    = {3},
  pages     = {1174--1207},
  month     = {09},
  fjournal  = {The Annals of Statistics},
  keywords  = {extrems},
  publisher = {The Institute of Mathematical Statistics},
}

@Article{BVT1996,
  author   = {Beirlant, J. and Vynckier, P. and Teugels, J. L.},
  title    = {Tail Index Estimation, Pareto Quantile Plots Regression Diagnostics},
  journal  = {Journal of the American Statistical Association},
  year     = {1996},
  volume   = {91},
  number   = {436},
  pages    = {1659-1667},
  keywords = {extrems},
}

@Article{DEd1989,
  author    = {Dekkers, A. L. M. and Einmahl, J. H. J. and de Haan, L.},
  title     = {A Moment Estimator for the Index of an Extreme-Value Distribution},
  journal   = {Ann. Statist.},
  year      = {1989},
  volume    = {17},
  number    = {4},
  pages     = {1833--1855},
  month     = {12},
  fjournal  = {The Annals of Statistics},
  keywords  = {extrems},
  publisher = {The Institute of Mathematical Statistics},
}

@Article{dR1977,
  author    = {de Haan, L. and Resnick, S.I.},
  title     = {Limit theory for multivariate sample extremes},
  journal   = {Zeitschrift fÃ¼r Wahrscheinlichkeitstheorie und Verwandte Gebiete},
  year      = {1977},
  volume    = {40},
  number    = {4},
  pages     = {317-337},
  keywords  = {extrems},
  language  = {English},
  publisher = {Springer-Verlag},
}

@Article{Einmahl2006,
  author    = {Einmahl, J. H. J. and de Haan, L. and Li, D.},
  title     = {Weighted approximations of tail copula processes with application to testing the bivariate extreme value condition},
  journal   = {Ann. Statist.},
  year      = {2006},
  volume    = {34},
  number    = {4},
  pages     = {1987--2014},
  month     = {08},
  fjournal  = {The Annals of Statistics},
  keywords  = {extrems},
  publisher = {The Institute of Mathematical Statistics},
}

@Book{Resnick1987,
  title     = {Extreme Values, Regular Variation, and Point Processes},
  publisher = {Springer Series in Operations Research and Financial Engineering},
  year      = {1987},
  author    = {Resnick, S.},
  keywords  = {extrems},
}

@Article{deHaan1996,
  author    = {de Haan, L. and Resnick, S.},
  title     = {Second-order regular variation and rates of convergence in extreme-value theory},
  journal   = {The Annals of Probability},
  year      = {1996},
  pages     = {97--124},
  keywords  = {extrems},
  publisher = {JSTOR},
}

@Book{dHF06,
  title     = {Extreme value theory},
  publisher = {Springer},
  year      = {2006},
  author    = {de Haan, L. and Ferreira, A.},
  series    = {Springer Series in Operations Research and Financial Engineering},
  note      = {An introduction},
  keywords  = {extrems},
}

@Book{BGTS04,
  title     = {Statistics of Extremes: Theory and Applications},
  publisher = {Wiley},
  year      = {2004},
  author    = {Beirlant, J. and Goegebeur, Y. and Teugels, J. and Segers, J.},
  series    = {Wiley Series in Probability and Statistics},
  keywords  = {extrems},
}

@Book{Coles2001,
  title     = {An introduction to statistical modeling of extreme values},
  publisher = {Springer-Verlag},
  year      = {2001},
  author    = {Coles, S.},
  series    = {Springer Series in Statistics},
  address   = {London},
  keywords  = {extrems},
}

@Article{coles1991modeling,
  author   = {Coles, SG and Tawn, JA},
  title    = {Modeling extreme multivariate events},
  journal  = {JR Statist. Soc. B},
  year     = {1991},
  volume   = {53},
  pages    = {377--392},
  keywords = {extrems},
}

@Article{cooley2010pairwise,
  author    = {Cooley, D. and Davis, R.A. and Naveau, P.},
  title     = {The pairwise beta distribution: A flexible parametric multivariate model for extremes},
  journal   = {Journal of Multivariate Analysis},
  year      = {2010},
  volume    = {101},
  number    = {9},
  pages     = {2103--2117},
  keywords  = {extrems},
  publisher = {Elsevier},
}

@Article{Qi97,
  author    = {Qi, Y.},
  title     = {Almost sure convergence of the stable tail empirical dependence function in multivariate extreme statistics},
  journal   = {Acta Mathematicae Applicatae Sinica},
  year      = {1997},
  volume    = {13},
  number    = {2},
  pages     = {167-175},
  keywords  = {extrems},
  publisher = {Springer-Verlag},
}

@Misc{Huangphd,
  author    = {Huang, X.},
  title     = {Statistics of Bivariate Extreme Values},
  year      = {1992},
  address   = {Rotterdam},
  booktitle = {PhD thesis},
  keywords  = {extrems},
  publisher = {Erasmus University},
}

@Article{sabourinNaveau2012,
  author   = {Anne Sabourin and Philippe Naveau},
  title    = {Bayesian Dirichlet mixture model for multivariate extremes: A re-parametrization},
  journal  = {Computational Statistics \& Data Analysis},
  year     = {2012},
  keywords = {extrems},
}

@Article{fougeres2009models,
  author    = {Foug{\`e}res, A.-L. and Nolan, J.P. and Rootz{\'e}n, H.},
  title     = {Models for dependent extremes using stable mixtures},
  journal   = {Scandinavian Journal of Statistics},
  year      = {2009},
  volume    = {36},
  number    = {1},
  pages     = {42--59},
  keywords  = {extrems},
  publisher = {Wiley Online Library},
}

@Book{finkenstadt2003extreme,
  title     = {Extreme values in finance, telecommunications, and the environment},
  publisher = {CRC Press},
  year      = {2003},
  author    = {Finkenstadt, Barbel and Rootz{\'e}n, Holger},
  keywords  = {extrems},
}

@Article{Segers12,
  author   = {Segers, J.},
  title    = {Max-stable models for multivariate extremes},
  journal  = {REVSTAT - Statistical Journal},
  year     = {2012},
  volume   = {10},
  number   = {1},
  pages    = {61--82},
  keywords = {extrems},
}

@Article{smith2003statistics,
  author   = {Smith, RL},
  title    = {Statistics of extremes, with applications in environment, insurance and finance, chap 1},
  journal  = {Statistical analysis of extreme values: with applications to insurance, finance, hydrology, and other fields. Birkh{\"a}user, Basel},
  year     = {2003},
  keywords = {extrems},
}

@Book{Falk94,
  title     = {{Laws of Small Numbers: Extremes and Rare Events}},
  publisher = {Birkhauser},
  year      = {1994},
  author    = {Falk, M. and Huesler, J. and Reiss, R. D.},
  address   = {Boston},
  keywords  = {extrems},
}

@Article{Einmahl2009,
  author    = {Einmahl, J. H. J. and Segers, J.},
  title     = {Maximum empirical likelihood estimation of the spectral measure of an extreme-value distribution},
  journal   = {The Annals of Statistics},
  year      = {2009},
  pages     = {2953--2989},
  keywords  = {extrems},
  publisher = {JSTOR},
}

@Article{Einmahl2001,
  author    = {Einmahl, J.HJ and de Haan, L. and Piterbarg, V.I},
  title     = {Nonparametric estimation of the spectral measure of an extreme value distribution},
  journal   = {Annals of Statistics},
  year      = {2001},
  pages     = {1401--1423},
  keywords  = {extrems},
  publisher = {JSTOR},
}


%%%%%%%%%%%%%%%%%%%%%%%%%%%%%%%%%%%%%%%% ANOMALY DETECTION %%%%%%%%%%%%%%%%%%%%%%%%%%%%%%%%%%%

% with EVT

@Article{Roberts99,
  author   = {Roberts, S.J.},
  title    = {Novelty detection using extreme value statistics},
  journal  = {IEE P-Vis Image Sign},
  year     = {1999},
  keywords = {extrems},
}

@InProceedings{Roberts2000,
  author    = {Roberts, S.J.},
  title     = {Extreme value statistics for novelty detection in biomedical signal processing},
  booktitle = {Advances in Medical Signal and Information Processing, 2000. First International Conference on (IEE Conf. Publ. No. 476)},
  year      = {2000},
  pages     = {166-172},
  keywords  = {extrems},
}

@Article{Clifton2011,
  author    = {Clifton, David Andrew and Hugueny, Samuel and Tarassenko, Lionel},
  title     = {Novelty detection with multivariate extreme value statistics},
  journal   = {Journal of signal processing systems},
  year      = {2011},
  volume    = {65},
  number    = {3},
  pages     = {371--389},
  keywords  = {extrems},
  publisher = {Springer},
}

@InProceedings{Lee2008,
  author    = {Lee, H.J. and Roberts, S.J.},
  title     = {On-line novelty detection using the Kalman filter and extreme value theory},
  booktitle = {Pattern Recognition, 2008. ICPR 2008. 19th International Conference on},
  year      = {2008},
  pages     = {1--4},
  keywords  = {extrems},
}

@InProceedings{Clifton2008,
  author    = {Clifton, D.A. and Tarassenko, L. and McGrogan, N. and King, D. and King, S. and Anuzis, P.},
  title     = {Bayesian extreme value statistics for novelty detection in gas-turbine engines},
  booktitle = {Aerospace Conference, 2008 IEEE},
  year      = {2008},
  pages     = {1--11},
  keywords  = {extrems},
}

@Article{Broadwater2010,
  author    = {Broadwater, J.B. and Chellappa, R.},
  title     = {Adaptive threshold estimation via extreme value theory},
  journal   = {Signal Processing, IEEE Transactions on},
  year      = {2010},
  volume    = {58},
  number    = {2},
  pages     = {490--500},
  keywords  = {extrems},
  publisher = {IEEE},
}



%surveys:

@Article{Hodge2004survey,
  author    = {Hodge, V.J. and Austin, J.},
  title     = {A survey of outlier detection methodologies},
  journal   = {Artif. Intel. Review},
  year      = {2004},
  keywords  = {extrems},
  publisher = {Springer},
}

@Article{Chandola2009survey,
  author   = {Chandola, V. and Banerjee, A. and Kumar, V.},
  title    = {Anomaly detection: A survey},
  journal  = {ACM Comput. Surv.},
  year     = {2009},
  keywords = {extrems},
}

@Article{Markou2003survey,
  author    = {Markou, M. and Singh, S.},
  title     = {Novelty detection: a review part 1: statistical approaches},
  journal   = {Signal proc.},
  year      = {2003},
  keywords  = {extrems},
  publisher = {Elsevier},
}

@Article{Patcha2007survey,
  author    = {Patcha, A. and Park, J.M.},
  title     = {An overview of anomaly detection techniques: Existing solutions and latest technological trends},
  journal   = {Computer Networks},
  year      = {2007},
  keywords  = {extrems},
  publisher = {Elsevier},
}


%statistical approaches:

@Book{Barnett94,
  title     = {Outliers in statistical data},
  publisher = {Wiley New York},
  year      = {1994},
  author    = {Barnett, V. and Lewis, T.},
  keywords  = {extrems},
}

@Book{Hawkins1980,
  title     = {Identification of outliers},
  publisher = {Springer},
  year      = {1980},
  author    = {Hawkins, D.M.},
  volume    = {11},
  keywords  = {extrems},
}

@InProceedings{Eskin2000,
  author    = {Eskin, E.},
  title     = {Anomaly Detection over Noisy Data using Learned Probability Distributions},
  booktitle = {ICML},
  year      = {2000},
  keywords  = {extrems},
}

@Article{Desforges1998,
  author    = {Desforges, M.J. and Jacob, P.J. and Cooper, J.E.},
  title     = {Applications of probability density estimation to the detection of abnormal conditions in engineering},
  journal   = {Proceedings of the Institution of Mechanical Engineers, Part C: Journal of Mechanical Engineering Science},
  year      = {1998},
  volume    = {212},
  number    = {8},
  pages     = {687--703},
  keywords  = {extrems},
  publisher = {SAGE Publications},
}

% distance-based algo (part of kNN approaches)

@InProceedings{Knorr98,
  author    = {Knorr, E.M. and Ng, R.T.},
  title     = {Algorithms for mining distance-based outliers in large datasets},
  booktitle = {Proceedings of the International Conference on Very Large Data Bases},
  year      = {1998},
  pages     = {392--403},
  keywords  = {extrems},
}

@Article{Knorr2000,
  author    = {Knorr, E.M. and Ng, R.T. and Tucakov, V.},
  title     = {Distance-based outliers: algorithms and applications},
  journal   = {The VLDB Journalâ€”The International Journal on Very Large Data Bases},
  year      = {2000},
  volume    = {8},
  number    = {3-4},
  pages     = {237--253},
  keywords  = {extrems},
  publisher = {Springer-Verlag New York, Inc.},
}


% local-density-based: (part of kNN approaches)

@InProceedings{Breunig2000LOF,
  author    = {Breunig, M.M. and Kriegel, H.P. and Ng, R.T. and Sander, J.},
  title     = {LOF: identifying density-based local outliers},
  booktitle = {ACM Sigmod Rec},
  year      = {2000},
  keywords  = {extrems},
}

@InProceedings{Bay2003,
  author    = {Bay, S. and Schwabacher, M.},
  title     = {Mining distance-based outliers in near linear time with randomization and a simple pruning rule},
  booktitle = {KDD},
  year      = {2003},
  keywords  = {extrems},
}

@InCollection{Breunig99LOF,
  author    = {Breunig, M.M. and Kriegel, H.P. and Ng, R.T. and Sander, J.},
  title     = {Optics-of: Identifying local outliers},
  booktitle = {Principles of data mining and knowledge discovery},
  publisher = {Springer},
  year      = {1999},
  pages     = {262--270},
  keywords  = {extrems},
}

@InCollection{Tang2002enhancing,
  author    = {Tang, J. and Chen, Z. and Fu, A.W.C. and Cheung, D.W.},
  title     = {Enhancing effectiveness of outlier detections for low density patterns},
  booktitle = {Advances in Knowledge Discovery and Data Mining},
  publisher = {Springer},
  year      = {2002},
  pages     = {535--548},
  keywords  = {extrems},
}

@InProceedings{Papadimitriou2003loci,
  author    = {Papadimitriou, S. and Kitagawa, H. and Gibbons, P.B. and Faloutsos, C.},
  title     = {Loci: Fast outlier detection using the local correlation integral},
  booktitle = {Data Engineering, 2003. Proceedings. 19th International Conference on},
  year      = {2003},
  pages     = {315--326},
  keywords  = {extrems},
}

@InProceedings{Hautamaki2004,
  author    = {Hautam{\"a}ki, V. and K{\"a}rkk{\"a}inen, I. and Fr{\"a}nti, P.},
  title     = {Outlier Detection Using k-Nearest Neighbour Graph.},
  booktitle = {ICPR (3)},
  year      = {2004},
  pages     = {430--433},
  keywords  = {extrems},
}



%others:

@InProceedings{Schubert2012,
  author    = {Schubert, E. and Wojdanowski, R. and Zimek, A. and Kriegel, H-P.},
  title     = {On Evaluation of Outlier Rankings and Outlier Scores.},
  booktitle = {SDM},
  year      = {2012},
  keywords  = {extrems},
}

%%Aggarwal&Yu:

@InProceedings{Aggarwal2001,
  author    = {Aggarwal, C.C. and Yu, P.S.},
  title     = {Outlier detection for high dimensional data},
  booktitle = {ACM Sigmod Record},
  year      = {2001},
  keywords  = {extrems},
}
%%angle-based:

@InProceedings{Kriegel2008,
  author    = {Kriegel, H.P. and Schubert, M. and Zimek, A.},
  title     = {Angle-based outlier detection in high-dimensional data},
  booktitle = {KDD},
  year      = {2008},
  keywords  = {extrems},
}
%%IsolationForest:

@InProceedings{Liu2008,
  author    = {Liu, F.T. and Ting, K.M. and Zhou, Z.H.},
  title     = {Isolation Forest},
  booktitle = {ICDM},
  year      = {2008},
  keywords  = {extrems},
}
%%IsolationForestLong:

@Article{Liu2012,
  author     = {Liu, F.T. and Ting, K.M. and Zhou, Z-H.},
  title      = {Isolation-Based Anomaly Detection},
  journal    = {ACM Trans. Knowl. Discov. Data},
  year       = {2012},
  month      = mar,
  issn       = {1556-4681},
  acmid      = {2133363},
  address    = {New York, NY, USA},
  articleno  = {3},
  doi        = {10.1145/2133360.2133363},
  issue_date = {March 2012},
  keywords   = {extrems},
  numpages   = {39},
  publisher  = {ACM},
  url        = {http://doi.acm.org/10.1145/2133360.2133363},
}


%%Spectral-bases

@TechReport{Shyu2003,
  author      = {Shyu, M.L. and Chen, S.C. and Sarinnapakorn, K. and Chang, L.},
  title       = {A novel anomaly detection scheme based on principal component classifier},
  institution = {DTIC Document},
  year        = {2003},
  keywords    = {extrems},
}

@InCollection{Wang2004,
  author    = {Wang, W. and Guan, X. and Zhang, X.},
  title     = {A novel intrusion detection method based on principle component analysis in computer security},
  booktitle = {Advances in Neural Networks-ISNN 2004},
  publisher = {Springer},
  year      = {2004},
  keywords  = {extrems},
}
%citation 50

@InProceedings{Wang2006,
  author    = {Wang, W. and Battiti, R.},
  title     = {Identifying intrusions in computer networks with principal component analysis},
  booktitle = {Availability, Reliability and Security, 2006. ARES 2006. The First International Conference on},
  year      = {2006},
  keywords  = {extrems},
}
%citation 50

@InProceedings{Bouzida2004,
  author    = {Bouzida, Y. and Cuppens, F. and Cuppens-Boulahia, N. and Gombault, S.},
  title     = {Efficient intrusion detection using principal component analysis},
  booktitle = {3{\'e}me Conf{\'e}rence sur la S{\'e}curit{\'e} et Architectures R{\'e}seaux (SAR), La Londe, France},
  year      = {2004},
  keywords  = {extrems},
}
%citation 50

@Article{Lee2013,
  author   = {Lee, Y.J. and Yeh, Y.R. and Wang, Y.C.F.},
  title    = {{Anomaly detection via online oversampling principal component analysis}},
  journal  = {Knowledge and Data Engineering, IEEE Transactions on},
  year     = {2013},
  keywords = {extrems},
}



%%%%%%%%%%%%%% DATASETS %%%%%%%%%%

@InProceedings{Lippmann2000,
  author       = {Lippmann, R. and Haines, J. W and Fried, D.J. and Korba, J. and Das, K.},
  title        = {Analysis and results of the 1999 DARPA off-line intrusion detection evaluation},
  booktitle    = {Recent Advances in Intrusion Detection},
  year         = {2000},
  pages        = {162--182},
  organization = {Springer},
  keywords     = {extrems},
}

@InCollection{Eskin2002,
  author    = {Eskin, E. and Arnold, A. and Prerau, M. and Portnoy, L. and Stolfo, S.},
  title     = {A geometric framework for unsupervised anomaly detection},
  booktitle = {Applications of data mining in computer security},
  publisher = {Springer},
  year      = {2002},
  pages     = {77--101},
  keywords  = {extrems},
}

% UCI repo:

@Misc{Lichman2013,
  author      = {Lichman, M.},
  title       = {{UCI} Machine Learning Repository},
  year        = {2013},
  institution = {University of California, Irvine, School of Information and Computer Sciences},
  keywords    = {extrems},
  url         = {http://archive.ics.uci.edu/ml},
}

%KDD analysis:

@InProceedings{Tavallaee2009,
  author    = {Tavallaee, M. and Bagheri, E. and Lu, W. and Ghorbani, A.A.},
  title     = {A detailed analysis of the KDD CUP 99 data set},
  booktitle = {IEEE CISDA},
  year      = {2009},
  keywords  = {extrems},
}

@Article{KDD99,
  author   = {KDDCup},
  title    = {The third international knowledge discovery and data mining tools competition dataset},
  year     = {1999},
  keywords = {extrems},
}

%KDD to SF:

@InProceedings{Yamanishi2000,
  author    = {Yamanishi, K. and Takeuchi, J.I. and Williams, G. and Milne, P.},
  title     = {On-line unsupervised outlier detection using finite mixtures with discounting learning algorithms},
  booktitle = {KDD},
  year      = {2000},
  keywords  = {extrems},
}


%%%%%%%%%%%%%%%%%%  SVM  %%%%%%%%%%%%%%%%%%%%%%%%%%%%%%%%%%%%%%%%%%%%%%%%

@Book{Shawe2004,
  title     = {Kernel methods for pattern analysis},
  publisher = {Cambridge univ. press},
  year      = {2004},
  author    = {Shawe-Taylor, J. and Cristianini, N.},
  keywords  = {extrems},
}

@Article{Cortes1995,
  author   = {Cortes, C. and Vapnik, V.},
  title    = {Support-Vector Networks},
  journal  = {Machine Learning},
  year     = {1995},
  keywords = {extrems},
}
%%%%%%%%%%%%%%Ã¹ Boosting %%%%%%%%%%%%%%%%%%%%%%%%%%

@InProceedings{Freund1996,
  author    = {Freund, Y. and Schapire, R.E and others},
  title     = {Experiments with a new boosting algorithm},
  booktitle = {ICML},
  year      = {1996},
  keywords  = {extrems},
}

@Comment{jabref-meta: databaseType:bibtex;}
