%% This BibTeX bibliography file was created using BibDesk.
%% http://bibdesk.sourceforge.net/


%% Created for Florence d'Alche-Buc at 2011-01-22 11:04:21 +0100
%% Completed by Romain Brault at 2015-09-11

%% This BibTeX bibliography file was created using BibDesk.
%% http://bibdesk.sourceforge.net/


%% Created for Florence d'Alche-Buc at 2011-01-22 11:04:21 +0100
%% This BibTeX bibliography file was created using BibDesk.
%% http://bibdesk.sourceforge.net/


%% Created for Florence d'Alche-Buc at 2011-01-22 11:04:21 +0100
%% Completed by Romain Brault at 2015-09-11

%% This BibTeX bibliography file was created using BibDesk.
%% http://bibdesk.sourceforge.net/


%% Created for Florence d'Alche-Buc at 2011-01-22 11:04:21 +0100
%% Completed by Romain Brault at 2015-09-11

@inproceedings{mroueh2012multiclass,
  title={Multiclass learning with simplex coding},
  author={Mroueh, Youssef and Poggio, Tomaso and Rosasco, Lorenzo and Slotine, Jean-jeacques},
  booktitle={Advances in NIPS},
  pages={2789--2797},
  year={2012}
}

@article{petersen2008matrix,
  title={The matrix cookbook},
  author={Petersen, Kaare Brandt and Pedersen, Michael Syskind and others},
  journal={Technical University of Denmark},
  volume={7},
  pages={15},
  year={2008}
}

@article{alfsen1964simplified,
  title={A simplified constructive proof of the existence and uniqueness of Haar measure},
  author={Alfsen, Erik M},
  journal={Mathematica Scandinavica},
  volume={12},
  number={1},
  pages={106--116},
  year={1964},
  publisher={JSTOR}
}

@article{Allen1974,
  author = {Allen, D. M.},
  title = {The relationship between variable selection and data augmentation and a method for prediction},
  journal = {Technometrics},
  volume = {16},
  number = {1},
  pages = {125-127},
  year = {1974}}

@article{Alvarez2012,
    author = { {\'A}lvarez, M. A. and Rosasco, L. and Lawrence, N. D.},
    title = {Kernels for vector-valued functions: a review},
    journal = {Foundations and Trends in Machine Learning},
    volume = {4},
    number = {3},
    year = {2012},
    pages = {195-266}}

@article{Ahls2002,
author= {Ahlswede, R. and Winter, A.},
title = {Strong converse for identification
via quantum channels},
journal = {IEEE Trans. Inform. Theory 48(3)},
pages = {569–-679},
year= {2002}
}

@article{Argyriou_jmlr09,
    author = {Argyriou, A. and Micchelli, C. A. and Pontil, M.},
    title = {When Is There a Representer Theorem? {V}ector vs Matrix Regularizers},
    journal = {Journal of Machine Learning Research},
    volume = {10},
   pages = {2507--2529},
    year = {2009}}
  @article{Aronszajn1950,
  title={Theory of reproducing kernels},
  author={Aronszajn, Nachman},
  journal={Transactions of the American mathematical society},
  pages={337--404},
  year={1950},
  publisher={JSTOR}
  }
@inproceedings{Aslan2014,
  author    = {{\"{O}}zlem Aslan and
               Xinhua Zhang and
               Dale Schuurmans},
  title     = {Convex Deep Learning via Normalized Kernels},
  booktitle = {Advances in NIPS 27: Annual Conference
               on NIPS 2014, December 8-13 2014,
               Montreal, Quebec, Canada},
  pages     = {3275--3283},
  year      = {2014},
  crossref  = {DBLP:conf/nips/2014},
  url       = {http://papers.nips.cc/paper/5496-convex-deep-learning-via-normalized-kernels},
  timestamp = {Wed, 10 Dec 2014 21:34:12 +0100},
  biburl    = {http://dblp.uni-trier.de/rec/bib/conf/nips/AslanZS14},
  bibsource = {dblp computer science bibliography, http://dblp.org}
}
@Proc.{DBLP:conf/nips/2014,
  editor    = {Zoubin Ghahramani and
               Max Welling and
               Corinna Cortes and
               Neil D. Lawrence and
               Kilian Q. Weinberger},
  title     = {Advances in NIPS 27: Annual Conference
               on NIPS 2014, December 8-13 2014,
               Montreal, Quebec, Canada},
  year      = {2014},
  url       = {http://papers.nips.cc/book/advances-in-neural-information-processing-systems-27-2014},
  timestamp = {Wed, 10 Dec 2014 21:34:12 +0100},
  biburl    = {http://dblp.uni-trier.de/rec/bib/conf/nips/2014},
  bibsource = {dblp computer science bibliography, http://dblp.org}
}
@article{Astikainen2008,
  author = {Astikainen, K. and Holm, L. and Pitkanen, E. and Szedmak, S. and Rousu, J.},
  title = {Towards structured output prediction of enzyme function},
  journal = {BMC Proc.},
  volume = {2},
  year = {2008},
  number = {Suppl 4},
  pages = {S2}}

@inproceedings{audiffren2013online,
  title={Online learning with operator-valued kernels},
  author={Audiffren, Julien and Kadri, Hachem},
  booktitle={European symposium on artificial neural networks (ESANN)},
  year={2015}
}



%%% B

@article{belkin2006manifold,
  title={Manifold regularization: A geometric framework for learning from labeled and unlabeled examples},
  author={Belkin, Mikhail and Niyogi, Partha and Sindhwani, Vikas},
  journal={Journal of machine learning research},
  volume={7},
  number={Nov},
  pages={2399--2434},
  year={2006}
}


@inproceedings{Bach2011,
  author    = {Francis R. Bach and
               Eric Moulines},
  title     = {Non-Asymptotic Analysis of Stochastic Approximation Algorithms for
               Machine Learning},
  booktitle = {Advances in NIPS 24: 25th Annual
               Conference on NIPS 2011. .},
  pages     = {451--459},
  year      = {2011},
  crossref  = {DBLP:conf/nips/2011}
}

@Proc.{DBLP:conf/nips/2011,
  editor    = {John Shawe{-}Taylor and
               Richard S. Zemel and
               Peter L. Bartlett and
               Fernando C. N. Pereira and
               Kilian Q. Weinberger},
  title     = {Advances in NIPS 24: 25th Annual
               Conference on NIPS 2011. Proc.
               of a meeting held 12-14 December 2011, Granada, Spain},
  year      = {2011},
  url       = {http://papers.nips.cc/book/advances-in-neural-information-processing-systems-24-2011},
  timestamp = {Thu, 11 Dec 2014 17:34:08 +0100},
  biburl    = {http://dblp.uni-trier.de/rec/bib/conf/nips/2011},
  bibsource = {dblp computer science bibliography, http://dblp.org}
}


@misc{Bach2015,
author = {Francis Bach},
title = {On the Equivalence between Quadrature Rules and Random Features},
institution={INRIA - Ecole Normale SUperieure-France},
     HOWPUBLISHED = {HAl-report-/hal-01118276},
year = {2015}}

@book{Bakir2007,
  author = {Bakir, G\"{u}khan H. and Hofmann, Thomas and Sch\"{o}lkopf, Bernhard and Smola, Alexander J. and Taskar, Ben and Vishwanathan, S. V. N.},
  title = {Predicting Structured Data (Neural Information Processing)},
   year = {2007},
   isbn = {0262026171},
  publisher = {The MIT Press}}

@incollection {Baldassare2010,
    author = {Baldassarre, L. and Rosasco, L. and Barla, A. and Verri, A.},
  title = {Vector Field Learning via Spectral Filtering},
  booktitle = {ECML/PKDD},
    series = {LNCS},
    editor = {Balcazar, J. and Bonchi, F. and Gionis, A. and Sebag, M.},
  publisher = {Springer Berlin / Heidelberg},
  pages = {56-71},
  volume = {6321},
  year = {2010}
  }

@article{Baldassare2012,
    author = {Baldassarre, L. and Rosasco, L. and Barla, A. and Verri, A.},
    title = {Multi-output learning via spectral filtering},
    journal = {Machine Learning},
    volume = {87},
    number = {3},
    year = {2012},
    pages = {259-301}}

@incollection{Bazavan2012,
booktitle={Computer Vision, ECCV 2012},
series={Lecture Notes in Computer Science},
editor={Fitzgibbon, A. and Lazebnik, S. and Perona, P. and Sato, Y. and Schmid, C.},
title={Fourier Kernel Learning},
publisher={Springer},
author={Bazavan, G. and Li, Fuxin and Sminchisescu, Cristian},
pages={459-473},
year={2012}
}

@book{Boucheron,
title = {Concentration Inequalities},
author = {Boucheron, S. and Lugosi, G. and Massart, P.},
publisher = {Oxford Press},
year = {2013}
}
@MISC{Berberian66,
    author = {Berberian, S.K.},
    title = {Notes on Spectral Theory},
    year = {1966}
}
% data covertype
@MISC{Blackard99comparativeaccuracies,
    author = {Jock A. Blackard and Denis J. Dean},
    title = {Comparative accuracies of artificial neural networks and discriminant analysis in predicting forest cover types from cartographic variables},
    journal = {Computers anc Electronics in Agriculture},
    volume = {24},
    number = {3},
    pages = {131--152},

    year = {1999}
}

@inproceedings{brault2016random,
  title={Random Fourier Features For Operator-Valued Kernels},
  author={Brault, Romain and Heinonen, Markus and d’Alch{\'e} Buc, Florence},
  booktitle={Proceedings of The 8th Asian Conference on Machine Learning},
  pages={110--125},
  year={2016}
}

@inproceedings{Brouard2011,
  author ={Brouard, C. and {d}'Alch\'e-Buc, F. and Szafranski, M.},
  title= {Semi-supervised Penalized Output Kernel Regression for Link Prediction},
  booktitle = {Proc. of the 28th Int. Conf. on Machine Learning},
  year = {2011}}

@PhDThesis{Brouard_these13,
  title = {Inf\'erence de r\'eseaux d'interaction prot\'eine-prot\'eine par apprentissage statistique},
  author = {Brouard, C.},
  school = {University of Evry, France},
  month = {feb},
  year = {2013}}

@article{Brouard2016_jmlr,
title = {Input Output Kernel Regression},
  author ={Brouard, C. and {d}'Alch\'e-Buc, F. and Szafranski, M.},
  journal = {to appear in JMLR},
  year = {2016}}

@inproceedings{brefeld2006efficient,
  title={Efficient co-regularised least squares regression},
  author={Brefeld, Ulf and G{\"a}rtner, Thomas and Scheffer, Tobias and Wrobel, Stefan},
  booktitle={Proceedings of the 23rd international conference on Machine learning},
  pages={137--144},
  year={2006},
  organization={ACM}
}



%%% C

@article{caponnetto2008,
    author = {Caponnetto, A. and Micchelli, C. A. and ,  M. and Ying, Y.},
    title = {Universal MultiTask Kernels},
    journal = {Journal of Machine Learning Research},
   volume = {9},
   pages = {1615--1646},
    year = {2008}}

% data
@article{Cattral2002,
author = {R. Cattral and F. Oppacher and F. Deugo},
title = {Evolutionary data mining with automatic rule generalization },
booktitle = {Recent Advances in Computers, Computing and Communications},
year = {2002}
}
% Universality
@article{Carmeli2010,
author = {Carmeli, C. and De Vito, E. and Toigo, A. and Umanità, V.},
title = {Vector valued reproducing kernel Hilbert spaces and universality},
journal = {Analysis and Applications},
volume = {8},
pages = {19--61},
year = {2010}
}

@article{carmeli2006vector,
  title={Vector valued reproducing kernel Hilbert spaces of integrable functions and Mercer theorem},
  author={Carmeli, C. and De Vito, E. and Toigo, A.},
  journal={Analysis and Applications},
  volume={4},
  number={04},
  pages={377--408},
  year={2006},
  publisher={World Scientific}
}
@article{chareka2006locally,
  title={Locally sub-Gaussian random variables and the strong law of large numbers},
  author={Chareka, Patrick and Chareka, Ottilia and Kennedy, S},
  journal={Atlantic Electronic Journal of Mathematics},
  volume={1},
  number={1},
  pages={75--81},
  year={2006}
}
@inproceedings{ciliberto2015,
  title = {Convex {Learning} of {Multiple} {Tasks} and their {Structure}},
  booktitle = {Proc. of the 32nd {International} {Conference} on {Machine} {Learning}},
  author = {Ciliberto, C. and Mroueh, Y. and Poggio, T. and Rosasco, L.},
  year = {2015}
}
@article{cucker2001mathematical,
  title={On the mathematical foundation of learning},
  author={Cucker, Felipe and Smale, Steve},
  journal={AMERICAN MATHEMATICAL SOCIETY},
  volume={39},
  number={1},
  pages={1--49},
  year={2001},
  publisher={AMERICAN MATHEMATICAL SOCIETY}
}

@article{chechik2007eec,
  author = {Globerson, A. and Chechik, G. and Pereira, F. and Tishby, N.},
   journal = {Journal of Machine Learning Research},
   title = {Euclidean Embedding of Co-occurrence Data},
     volume = 8,
   pages = {2265--2295},
    year = {2007}}
@inproceedings{Chitta2011,
title = {Efficient Kernel Clustering Using Random Fourier Features},
author = {R Chitta, R Jin, AK Jain},
booktitle={Proc. of ICDM},
pages = {161--170},
year = {2011}
}

@book{conway2013course,
  title={A course in functional analysis},
  author={Conway, John B},
  volume={96},
  year={2013},
  publisher={Springer Science \& Business Media}
}


@inproceedings{Cortes2005,
    author = {Cortes, C. and Mohri, M. and Weston, J.},
    booktitle =  {Proc. of the 22nd International Conference on  Machine Learning},
    title = {A general regression technique for learning transductions},
    pages = {153--160},
    publisher = {ACM},
    address = {New York, NY, USA},
    year = {2005}}

@inproceedings{crammer02,
  author = {Crammer, K. and Keshet, J. and Singer, Y.},
  booktitle = {Advances in NIPS},
  title = {Kernel design using boosting},
  volume = 15,
  year = 2002}
@Proc.{DBLP:conf/uai/2015,
  editor    = {Marina Meila and
               Tom Heskes},
  title     = {Proc. of {UAI} 2015, July 12-16, 2015, Amsterdam, The Netherlands},
  publisher = {{AUAI} Press},
  year      = {2015},
  url       = {http://auai.org/uai2015/Proc./uai-2015-Proc..pdf},
  isbn      = {978-0-9966431-0-8},
  timestamp = {Sun, 31 Jan 2016 16:35:16 +0100},
  biburl    = {http://dblp.uni-trier.de/rec/bib/conf/uai/2015},
  bibsource = {dblp computer science bibliography, http://dblp.org}
}
%%% D

@article{DIP,
  author = {Salwinski, L. and Miller, C. S. and Smith, A. J. and Pettit, F.K. and Bowie, J. U. and Eisenberg, D.},
  title = {The Database of Interacting Proteins: 2004 update},
  journal = {Nucleic Acids Research},
  volume = {32 (Database Issue)},
  pages = {D449-D451},
  year = {2004}}

@article{Deane2002,
  author = {Deane, C. M. and Salwinski, L. and Xenarios, I. and Eisenberg, D.},
  title = {Protein interactions: two methods for assessment of the reliability of high throughput observations},
  volume = {1},
  number = {5},
  pages = {349-356},
  year = {2002},
  journal = {Molecular \& Cellular Proteomics}}

@article{dengetal,
  author = {Deng, M. and Sun, F. and Chen, T.},
  journal = {Pac Symp Biocomput},
  pages = {140--151},
  title = {Assessment of the reliability of protein-protein interactions and protein function prediction.},
  year = {2003}}

@inproceedings{Dinuzzo2011,
  author = {Dinuzzo, F. and Ong, C.S. and Gehler, P. and Pillonetto, G.},
  title = {Learning Output Kernels with Block Coordinate Descent},
    booktitle = {Proc. of the 28th Int. Conf. on Machine Learning},
  year = {2011}
}


%%% E

@article{Eisen_pnas98,
  author = {Eisen, M. B. and Spellman, P. T. and Brown, P. O. and Botstein, D.},
  journal = {Proc. of the National Academy of Sciences of the USA},
  number = {25},
  pages = {14863--14868},
  title = {Cluster analysis and display of genome-wide expression patterns},
  volume = {95},
  year = {1998}}

@article{Evgeniou2005,
  author = {Evgeniou, T. and Micchelli, C. A. and Pontil, M.},
  title = {Learning Multiple Tasks with kernel methods},
  journal={JMLR},
  volume={6},
  pages={615--637},
  year={2005}}

%%% F

@book{folland1994course,
  title={A course in abstract harmonic analysis},
  author={Folland, Gerald B},
  year={1994},
  publisher={CRC press}
}

@article{fong2011lsmr,
  title={LSMR: An iterative algorithm for sparse least-squares problems},
  author={Fong, David Chin-Lung and Saunders, Michael},
  journal={SIAM Journal on Scientific Computing},
  volume={33},
  number={5},
  pages={2950--2971},
  year={2011},
  publisher={SIAM}
}

@phdthesis{Fuselier2006,
title = {Refined Error Estimates for Matrix-Valued Radial Basis Functions},
author = {Fuselier, E.},
school = {Texas A\&M University},
year = {2006}
}

% ref sum of independent
@article{Fuk1971,
author = {Fuk, D.K. and Nagaev, S.V.},
tittle = {Probability Inequalities for Sums of Independent Random Variables},
journal = {Prob. Th. Appl.},
volume = {16(4)},
pages = {643-660},
year = {1971}
}
%%% G

@inproceedings{Geurts_icml06,
    author = {Geurts, P. and Wehenkel, L. and {d}’Alch\'e-Buc, F.},
    booktitle =  {Proc. of the 23th International Conference on  Machine learning},
    title = {Kernelizing the output of tree-based methods},
    pages = {345--352},
    year = 2006}

@article{Geurts_bmcbioinfo07,
  author = {Geurts, P. and Touleimat, N. and Dutreix, M. and {d}'Alch\'e-Buc, F.},
  journal = {BMC Bioinformatics (PMSB06 special issue)},
  number = {Suppl 2},
  pages = {S4},
  title = {Inferring biological networks with output kernel trees},
  volume = {8},
  year = 2007}

@inproceedings{Geurts_icml07,
    author = {Geurts, P. and Wehenkel, L. and {d}'Alch\'e-Buc, F.},
    booktitle =  {Proc. of the 24th International Conference on Machine Learning},
    title = {Gradient boosting for kernelized output spaces},
    Organization = {ACM},
    volume = {227},
    pages = {289-296},
    year = {2007}}

  @article{Geurts_ml06,
  author = {Geurts, P. and Ernst, D. and Wehenkel, L.},
  journal = {Machine Learning},
  number = {1},
  pages = {3-42},
  title = {Extremely randomized trees},
  volume = {36},
  year = 2006}

@article{GO,
  author = {Ashburner, M. and Ball, C. A. and Blake, J. A. and  Botstein, D. and Butler, H. and Cherry, J. M. and
   Davis, A. P. and Dolinski, K. and Dwight, S. S. and Eppig, J. T. and Harris, M. A. and Hill, D. P. and
  Issel-Tarver, L. and Kasarskis, A. and Lewis, S. and Matese, J. C. and  Richardson, J. E. and Ringwald, M. and Rubin, G. M. and Sherlock, G.},
  title = {Gene ontology: tool for the unification of biology.},
  journal = {Nature Genetics},
  volume = {25},
  number = {1},
  pages = {25-29},
  year = {2000}}

@article{Golub1979,
  author = {Golub, G. H. and Heath, M. and Wahba, G.},
  title = {Generalized cross-validation as a method for choosing a good ridge parameter},
  journal = {Technometrics},
  volume = {21},
  number = {2},
  pages = {215-223},
  year = {1979}}

@book{gorniewicz1999topological,
  title={Topological fixed point theory of multivalued mappings},
  author={G{\'o}rniewicz, Lech},
  volume={495},
  year={1999},
  publisher={Springer}
}

%%% H
@article{minh2016operator,
  title = {Operator-Valued Bochner Theorem, Fourier Feature Maps for Operator-Valued Kernels, and Vector-Valued Learning},
  author = {Minh, Ha Quang},
  journal = {arXiv preprint arXiv:1608.05639},
  year = {2016}
}

@article{Hoeffding1963,
     title = {Probability Inequalities for Sums of Bounded Random Variables},
     author = {Hoeffding, Wassily},
     journal = {Journal of the American Statistical Association},
     volume = {58},
     number = {301},
     jstor_formatteddate = {Mar.,},
     pages = {pp. 13-30},
     year = {1963}}

@article{Honeine2011,
  author = {Honeine, P. and Richard, C.},
  title = {Preimage problem in kernel-based machine learning},
  journal = {IEEE Signal Processing Magazine},
  volume = {28},
  number = {2},
  pages = {77-88},
  year = {2011}}

@article{Huang2015,
author = {Huang, G. and Huang, G.B. and and Song, S. and You, K.},
title = {Trends in extreme learning machines: a review},
journal = {Neural networks},
volume = {61},
pages = {32-48},
year = {2015}
}

@article{Huh_nature03,
  author = {Huh, W.-K. and Falvo, J. V. and Gerke, L. C. and Carroll, A. S. and Howson, R. W. and Weissman, J. S. and O'Shea, E. K.},
  journal = {Nature},
  pages = {686--691},
  title = {Global analysis of protein localization in budding yeast},
  volume = {425},
  year = {2003}}

@article{Huynen03,
  author = {Huynen, M. A. and von Mering, C. and Bork, P.},
  journal = {Current Opinion in Cell Biology},
  number = {2},
  title = {Function prediction and protein networks},
  volume = {15},
  pages = {191-198},
  year = {2003}}

%%% I

@article{Ito_pnas00,
  author = {Ito, T. and Tashiro, K. and Muta, S. and Ozawa, R. and Chiba, T. and Nishizawa, M. and Yamamoto, K. and Kuhara, S. and    Sakaki, Y.},
  journal = {Proc. of the National Academy of Sciences of the USA},
  number = {3},
  pages = {1143--1147},
  title = {Toward a protein-protein interaction map of the budding yeast: A comprehensive system to examine two-hybrid interactions in all possible combinations between the yeast proteins},
  volume = {97},
  year = {2000}}



%%%%%%%%%% J
@inproceedings{jaakkola1999using,
  title={Using the Fisher kernel method to detect remote protein homologies.},
  author={Jaakkola, Tommi and Diekhans, Mark and Haussler, David},
  booktitle={ISMB},
  volume={99},
  pages={149--158},
  year={1999}
}

%%% K

@article{kadri2015operator,
  title={Operator-valued kernels for learning from functional response data},
  author={Kadri, Hachem and Duflos, Emmanuel and Preux, Philippe and Canu, St{\'e}phane and Rakotomamonjy, Alain and Audiffren, Julien},
  journal={Journal of Machine Learning Research},
  volume={16},
  pages={1--54},
  year={2015}
}

@inproceedings{Kadri_aistat10,
    author = {Kadri, H. and Duflos, E. and Preux, P. and Canu, S. and Davy, M.},
    title = {Nonlinear functional regression: a functional RKHS approach},
  booktitle =  {JMLR Proc. of International Conference on Artificial Intelligence and Statistics},
    volume = {9},
    year = {2010}}

@inproceedings{Kadri_nips2012,
  author = {Kadri, H. and Rakotomamonjy, A. and Preux, P. and Bach, F. R.},
  title = {Multiple operator-valued kernel learning},
  booktitle = {Advances in NIPS},
  pages = {2429-2437},
  year = {2012}}

@inproceedings{Kadri_icml2013,
  author = {Kadri, H. and Ghavamzadeh, M. and Preux, P.},
  title = {A generalized kernel approach to structured output learning},
  booktitle = {Proc. of the 30th International Conference on Machine Learning},
  year = {2013}}

@inproceedings{Kashima_icdm09,
  author =   {Kashima, H. and Kato, T. and Yamanishi, Y. and Sugiyama, M. and Tsuda, K.},
  booktitle =  {Proc. of the 9th SIAM International Conference on Data Mining},
    title =  {Link Propagation: a fast semi-supervised learning algorithm for link prediction},
    pages =  {1099--1110},
  year =   {2009}}

@article{Kashima_bioinfo09,
    address =  {Oxford, UK},
    author =   {Kashima, H. and Yamanishi, Y. and Kato, Ts. and   Sugiyama, M. and Tsuda, K.},
    Issn =   {1367-4803},
    journal =  {Bioinformatics},
    number =   {22},
    pages =  {2962--2968},
    publisher =  {Oxford University Press},
    title =  {Simultaneous inference of biological networks of
                  multiple species from genome-wide data and evolutionary information},
    volume =   {25},
    year =   {2009}}

@article{Kato_bioinfo05,
  author = {Kato, T. and Tsuda, K. and Asai, K.},
  journal = {Bioinformatics},
  title = {Selective integration of multiple biological data for supervised network inference},
  volume = {21},
  number = {10},
  pages = {2488--2495},
         publisher = {Oxford University Press},
  address = {Oxford, UK},
  year = {2005}}

@article{KEGG,
  author = {Kanehisa, M. and Goto, S. and Kawashima, S. and Okuno, Y. and Hattori, M.},
  journal = {Nucleic Acids Research},
  number = {Suppl. 1},
  pages = {D277--D280},
  title = {The KEGG resource for deciphering the genome},
  volume = {32},
  year = {2004}}

@inproceedings{Kondor_icml02,
    author = {Kondor, R. I. and Lafferty, J. D.},
    booktitle =  {Proc. of the 19th International Conference on Machine Learning},
    title = {Diffusion Kernels on Graphs and Other Discrete Input Spaces},
    pages = {315--322},
    address = {San Francisco, CA, USA},
    publisher = {Morgan Kaufmann publishers Inc.},
    year = {2002}}

@inproceedings{Kang2011,
    Publisher = {ACM},
    Address = {New York, NY, USA},
    Title = {Learning with Whom to Share in Multi-task Feature Learning },
    Author = {Z. Kang and K. Grauman and F. Sha},
     Booktitle = {Proc. of the 28th ICML},
    Year = {2011},
    Pages = {521--528}
   }
@incollection{koltchinskii2013remark,
  title={A remark on low rank matrix recovery and noncommutative Bernstein type inequalities},
  author={Koltchinskii, Vladimir and others},
  booktitle={From Probability to Statistics and Back: High-Dimensional Models and Processes},
  pages={213--226},
  year={2013},
  publisher={Institute of Mathematical Statistics}
}



@inproceedings{DBLP:conf/icml/Kontorovich14,
  author    = {Aryeh Kontorovich},
  title     = {Concentration in unbounded metric spaces and algorithmic stability},
  booktitle = {Proc. of the 31th International Conference on Machine Learning,
               {ICML} 2014, Beijing, China, 21-26 June 2014},
  pages     = {28--36},
  year      = {2014},
  crossref  = {DBLP:conf/icml/2014},
  timestamp = {Fri, 07 Nov 2014 20:42:30 +0100},
  biburl    = {http://dblp.uni-trier.de/rec/bib/conf/icml/Kontorovich14},
  bibsource = {dblp computer science bibliography, http://dblp.org}
}


@misc{kurdila2006convex,
  title={Convex functional analysis},
  author={Kurdila, Andrew J and Zabarankin, Michael},
  year={2006},
  publisher={Springer Science \& Business Media}
}


%%%%%%%%%%%% L

@inproceedings{Lampert2009,
title = {Learning To Detect Unseen Object Classes by Between-Class Attribute Transfer},
author = {C. H. Lampert and H. Nickisch and S. Harmeling},
 Booktitle = {Proc. CVPR},
 year = {2009}
 }
 @inBook{li2010random,
author="Li, F.
and Ionescu, C.
and Sminchisescu, C.",
editor="Goesele, M.
and Roth, S.
and Kuijper, A.
and Schiele, B.
and Schindler, K.",
chapter="Random Fourier Approximations for Skewed Multiplicative Histogram Kernels",
title="Pattern Recognition: 32nd DAGM Symposium, Darmstadt, Germany, September 22-24, 2010. Proc.",
year="2010",
publisher="Springer Berlin Heidelberg",
address="Berlin, Heidelberg",
pages="262--271",
isbn="978-3-642-15986-2",
doi="10.1007/978-3-642-15986-2_27",
url="http://dx.doi.org/10.1007/978-3-642-15986-2_27"
}

% fastfood


@inproceedings{Le2013,
  author    = {Quoc V. Le and
               Tam{\'{a}}s Sarl{\'{o}}s and
               Alexander J. Smola},
  title     = {Fastfood - Computing Hilbert Space Expansions in loglinear time},
  booktitle = {Proc. of {ICML} 2013, Atlanta, USA, 16-21 June 2013},
  pages     = {244--252},
  year      = {2013}
}


@article{Lim2015,
  author    = {Lim, N. and
               d'Alch{\'{e}}{-}Buc, F. and
             Auliac, C. and
               Michailidis, G.},
  title     = {Operator-valued kernel-based vector autoregressive models for network
               inference},
  journal   = {Machine Learning},
  volume    = {99},
  number    = {3},
  pages     = {489--513},
  year      = {2015}
}


@article{Lim2013,
  author = {Lim, N. and Senbabaoglu, Y. and Michailidis, G. and {d}'Alch\'e-Buc, F.},
  title = {OKVAR-Boost: a novel boosting algorithm to infer nonlinear dynamics and interactions in gene regulatory networks},
  volume = {29},
  number = {11},
  pages = {1416-1423},
  year = {2013},
  journal = {Bioinformatics} }

@inproceedings{Luo2013,
  author = {Luo, Y. and Tao, D. and Xu. C. and Li, D. and Xu, C.},
  title = {Vector-valued multi-view semi-supervised learning for multi-label image classification},
  booktitle = {Proc. of the 27th AAAI Conference on Artificial Intelligence},
  year = {2013}}


%%% M
@article{minh2016unifying,
  title={A unifying framework in vector-valued reproducing kernel Hilbert spaces for manifold regularization and co-regularized multi-view learning},
  author={Minh, Ha Quang and Bazzani, Loris and Murino, Vittorio},
  journal={Journal of Machine Learning Research},
  volume={17},
  number={25},
  pages={1--72},
  year={2016}

}@inproceedings{minh2013unifying,
  title={A unifying framework for vector-valued manifold regularization and multi-view learning.},
  author={Minh, Ha Quang and Bazzani, Loris and Murino, Vittorio},
  booktitle={ICML (2)},
  pages={100--108},
  year={2013}
}


@techreport{Macedo2008,
author = {Macedo, Y. and Castro, R.},
title = {Learning Div-Free and Curl-Free Vector Fields by Matrix-Valued Kernels},
Institution = {Preprint A 679/2010 IMPA},
year = {2008}
}

@article{Mackey2014,
author = {Mackey, L. and Jordan, M. I. and Chen, R.I. and Farrel, B. and Tropp, J.},
title = {Matrix Concentration Inequalities via the method of exchangeable pairs},
journal = {The Annals of Probability},
volume = {42:3},
pages = {906-945},
year = {2014}
}
@techreport{Micheli2013,
author = {Micheli, M. and Glaunes, J.},
title = {Matrix-valued kernels for shape deformation analysis},
Institution = {Arxiv report},
year = {2013}
}




@article{Micchelli2005,
    author = {Micchelli, C. A. and Pontil, M. A.},
    journal = {Neural Computation},
    title = {On Learning Vector-Valued Functions},
    volume = {17},
    pages = {177--204},
    year = {2005}}


@inproceedings{Quang_icml11,
  author = {Minh, H. Q. and Sindhwani, V.},
  title = {Vector-valued Manifold Regularization},
  booktitle = {Proc. of the 28th International Conference on Machine Learning},
  year = {2011}}

@inproceedings{Minh_icml13,
  author = {Minh, H. Q. and Bazzani, L. and Murino, V.},
  title = {A unifying framework for vector-valued manifold regularization and multi-view learning},
  booktitle = {Proc. of the 30th International Conference on Machine Learning},
  year = {2013}}

%%% N

@article{neeb1998operator,
  title={Operator-valued positive definite kernels on tubes},
  author={Neeb, Karl-Hermann},
  journal={Monatshefte f{\"u}r Mathematik},
  volume={126},
  number={2},
  pages={125--160},
  year={1998},
  publisher={Springer}
}


%%% P
@techreport{Pedrick57,
  author = {Pedrick, G.},
  title = {Theory of reproducing kernels for Hilbert spaces of vector-valued functions},
  collection = {Studies in eigenvalue problems},
  institution = {University of Kansas, Department of Mathematics},
  year = {1957}}

%Auteur :   George B Pedrick
%Éditeur :  Lawrence, Kan. 1957
%Collection :   Studies in eigenvalue problems; Technical report
%%% Q


@article{Pearce2006,
  title = {Penalized Splines and Reproducing Kernel Methods},
  author = {Pearce, N.D.  and Wand, M.P.},
  journal = {The American Statistician},
  month = {august},
  volume = {60},
  number = {3},
  year = {2006},
  pages = {233-240}}


@article{Qi_proteins06,
  author = {Qi,Y. and Bar-joseph, Z. and Klein-seetharaman, J.},
  journal = {Proteins},
  pages = {490--500},
  title = {Evaluation of different biological data and computational classification methods for use in protein interaction prediction},
  volume = {63},
  year = {2006}}

@article{Qi_bioinfo10,
  address = {Oxford, UK},
  author = {Qi, Y. and Tastan, O. and Carbonell, J. G. and Klein-Seetharaman, J. and Weston, J.},
  Issn = {1367-4803},
  journal = {Bioinformatics},
  number = {18},
  pages = {i645--i652},
  publisher = {Oxford University Press},
  title = {Semi-supervised multi-task learning for predicting interactions between HIV-1 and human proteins},
  volume = {26},
  year = {2010}}

%%% R
@inproceedings{Rahimi2007,
  author    = {A. Rahimi and
               B. Recht},
  title     = {Random Features for Large-Scale Kernel Machines},
  booktitle = {NIPS 2007},
  pages     = {1177--1184},
  year      = {2007}
}

@article{Ralaivola_nips03,
  author = {Ralaivola, L. and {d}'Alch\'e-Buc, F.},
  journal = {Advances in NIPS},
  title = {Dynamical Modeling with Kernels for Nonlinear Time Series Prediction},
  year = {2003}}

@article{Ralaivola2005,
   author = {Ralaivola, L. and Swamidass, S. J. and Saigo, H. and Baldi, P.},
   title = {Graph kernels for chemical informatics},
   journal = {Neural Network},
   volume = {18},
  number = {8},
  month = oct,
  year = {2005},
   pages = {1093--1110},
   publisher = {Elsevier Science Ltd.},
  address = {Oxford, UK, UK}}
@book{Rudin,
title = {Fourier Analysis on groups},
author = {W. Rudin},
publisher = {Wiley},
year = {1994}
}
@article{RCV1:JMLR,
  author = {Lewis, David D. and Yang, Yiming and Rose, Tony G. and Li, Fan},
  title = {{RCV1}: A New Benchmark Collection for Text Categorization Research},
  journal = {Journal of Machine Learning Research},
  issue_date = {12/1/2004},
  volume = {5},
  month = {Dec},
  year = {2004},
  issn = {1532-4435},
  pages = {361--397}}

  @article{rosenberg2009kernel,
  title={A kernel for semi-supervised learning with multi-view point cloud regularization},
  author={Rosenberg, D and Sindhwani, Vikas and Bartlett, P and Niyogi, Partha},
  journal={IEEE Signal Processing Magazine},
  volume={26},
  number={5},
  pages={145--150},
  year={2009},
  publisher={Citeseer}
}


@article{Ricci2009,
  title = {Magic Moments for Structured Output Prediction},
  author = {Ricci, E. and  De Bie, T. and  Cristianini, N.},
  journal = {Journal of Machine Learning Research},
  number = {9},
  month = {Dec},
  pages = {2803--2846},
  year = {2008}}

@techreport{Rifkin2007,
  author = {Rifkin, R. M. and Lippert, R. A.},
  institution = {MIT, Computer Science and Artificial Intelligence Laboratory},
  title = {Notes on Regularized Least-Squares},
  year = {2007}}

%%% S
@article{sangnier2016joint,
  title={Joint quantile regression in vector-valued RKHSs},
  author={Sangnier, Maxime and Fercoq, Olivier and D'Alch{\'e}-Buc, Florence},
  booktitle = {Advances in NIPS},
  year={2016}
}


@article{smola1998connection,
  title={The connection between regularization operators and support vector kernels},
  author={Smola, Alex J and Sch{\"o}lkopf, Bernhard and M{\"u}ller, Klaus-Robert},
  journal={Neural networks},
  volume={11},
  number={4},
  pages={637--649},
  year={1998},
  publisher={Elsevier}
}

@article{sonneveld2008idr,
  title={IDR (s): A family of simple and fast algorithms for solving large nonsymmetric systems of linear equations},
  author={Sonneveld, Peter and van Gijzen, Martin B},
  journal={SIAM Journal on Scientific Computing},
  volume={31},
  number={2},
  pages={1035--1062},
  year={2008},
  publisher={SIAM}
}

% dataset network intrusion
@inproceedings{Stolfo2000,
    author = {Salvatore J. Stolfo and Wei Fan and Wenke Lee and Andreas Prodromidis and Philip K. Chan},
    title = {Cost-based Modeling for Fraud and Intrusion Detection: Results from the JAM Project},
    booktitle = {In Proc. of the 2000 DARPA Information Survivability Conference and Exposition},
    year = {2000},
    pages = {130--144},
    publisher = {IEEE Computer Press}
}
@book{Scholkopf-book02,
  author = {Scholkopf, B. and Smola, A. J.},
  publisher = {MIT Press},
  title = {Learning with kernels},
  year = {2002}}

@article{Senkene73,
    author = {Senkene, E.  and {Tempel'man}, A.},
    journal = {Lithuanian Mathematical Journal},
    title = {Hilbert Spaces of operator-valued functions},
    volume = {13},
    number = {4},
    pages = {665--670},
  year = {1973}}

@book{Shawe-Taylor_book04,
  author = {Shawe-Taylor, J. and Cristianini, N.},
  publisher = {Cambridge University Press},
  title = {Kernel methods for pattern analysis},
  year = {2004}}

@techreport{Sheldon2008,
  author = {Sheldon, D.},
  title = {Graphical multi-task learning},
  year = {2008},
  url = {http://web.engr.oregonstate.edu/~sheldon/},
  institution = {Cornell University}}

@article{Spellman_mboc98,
  author = {Spellman, P. T. and Sherlock, G. and Zhang, M. Q. and Iyer, V. R. and Anders, K. and Eisen, M. B. and Brown, P. O. and Botstein,  B. and Futcher,  B.},
  journal = {Molecular Biology of the Cell},
  number = {12},
  pages = {3273--3297},
  title = {Comprehensive Identification of Cell Cycle-regulated Genes of the Yeast Saccharomyces cerevisiae by Microarray Hybridization},
  volume = {9},
  year = {1998}}

@article{Stone1974,
  author = {Stone, M.},
  title = {Cross-Validatory Choice and Assessment of Statistical Predictions},
  journal = {Journal of the Royal Statistical Society},
  volume = {36},
  number = {2},
  pages = {111-147},
  year = {1974}}
  download as .bib file

@inproceedings{sindhwani2008rkhs,
  title={An RKHS for multi-view learning and manifold co-regularization},
  author={Sindhwani, Vikas and Rosenberg, David S},
  booktitle={Proceedings of the 25th international conference on Machine learning},
  pages={976--983},
  year={2008},
  organization={ACM}
}

@inproceedings{Sindhwani2013,
  author    = {Sindhwani, V. and
               Minh, H. Q. and
               Lozano, A.C.},
  title     = {Scalable Matrix-valued Kernel Learning for High-dimensional Nonlinear
               Multivariate Regression and Granger Causality},
  booktitle = {Proc. of UAI'13, Bellevue, WA, USA, August 11-15, 2013},
  year      = {2013},
  crossref  = {UAI2013},
  timestamp = {Fri, 26 Sep 2014 15:12:28 +0200},
  biburl    = {http://dblp.uni-trier.de/rec/bib/conf/uai/SindhwaniML13},
  bibsource = {dblp computer science bibliography, http://dblp.org}
}

@inproceedings{UAI2013,
  title     = {Proc. of the Twenty-Ninth Conference on Uncertainty in Artificial
               Intelligence, Bellevue, WA, USA, August 11-15, 2013},
  publisher = {{AUAI} Press, Corvallis, Oregon},
  year      = {2013},
  timestamp = {Fri, 26 Sep 2014 15:12:28 +0200},
  biburl    = {http://dblp.uni-trier.de/rec/bib/conf/uai/2013},
  bibsource = {dblp computer science bibliography, http://dblp.org}
}


@inproceedings{sriper2015,
title = {Optimal Rates for Random Fourier Features},
author = {Sriperumbudur, Bharath and Szabo, Zoltan},
booktitle = {Advances in NIPS 28},
editor = {C. Cortes and N.D. Lawrence and D.D. Lee and M. Sugiyama and R. Garnett},
pages = {1144--1152},
year = {2015}
}

@inproceedings{Su2010,
  author = {Su, H. and Heinonen, M. and Rousu, J.},
   title = {Structured output prediction of anti-cancer drug activity},
   booktitle = {Proc. of the 5th IAPR International Conference on Pattern Recognition In Bioinformatics},
   series = {PRIB'10},
   year = {2010},
   location = {Nijmegen, The Netherlands},
   pages = {38-49},
   publisher = {Springer-Verlag},
   address = {Berlin, Heidelberg}}

@inproceedings{sutherland2015,
  author    = {Dougal J. Sutherland and
               Jeff G. Schneider},
  title     = {On the Error of Random Fourier Features},
  booktitle = {Proc. of {UAI} 2015, July 12-16, 2015, Amsterdam, The Netherlands},
  pages     = {862--871},
  year      = {2015},
  timestamp = {Sun, 31 Jan 2016 16:36:08 +0100},
  biburl    = {http://dblp.uni-trier.de/rec/bib/conf/uai/SutherlandS15},
  bibsource = {dblp computer science bibliography, http://dblp.org}
}

@inproceedings{sun2011multi,
  title={Multi-view Laplacian support vector machines},
  author={Sun, Shiliang},
  booktitle={International Conference on Advanced Data Mining and Applications},
  pages={209--222},
  year={2011},
  organization={Springer}
}


@techreport{Szedmak_mmr05,
  author = {Szedmak, S. and Shawe-Taylor, J. and Parado-Hernandez, E.},
  Institution = {University of Southampton, UK},
  title = {Learning via Linear Operators: Maximum Margin Regression},
  year = {2005}}

%%% T

@inproceedings{Taskar_M3N,
  author = {Taskar, B. and Guestrin, C. and Koller, D.},
  title = {Max-Margin Markov Networks},
  booktitle = {Advances in NIPS},
  year = {2003}}



@article{tsuda03-em,
  author = {Tsuda, K. and Akaho, S. and Asai, K.},
  journal = {Journal of Machine Learning Research},
  pages = {67-81},
  title = {The EM algorithm for kernel matrix completion with   auxiliary data},
  volume = 4,
  year = 2003}

%%% U

@article{Uetz_nature00,
  author = {Uetz, P. and Giot, L. and Cagney, G. and Mansfield, T. A. and Judson, R. S. and Knight, J. R. and Lockshon, D. and Narayan, V. and Srinivasan, M. and Pochart, P. and A Qureshi-Emili, A. and Li, Y. and Godwin, B. and Conover, D. and Kalbfleisch, T. and Vijayadamodar, G. and Yang, M. and Johnston, M. and Fields, S. and Rothberg, J. M.},
  journal = {Nature},
  pages = {623--627},
  title = {A comprehensive analysis of protein--protein interactions in Saccharomyces cerevisiae},
  volume = {403},
  year = {2000}}

%%% V
@incollection{van1996weak,
  title={Weak Convergence},
  author={Van Der Vaart, A. W and Wellner, J. A},
  booktitle={Weak Convergence and Empirical Processes},
  pages={16--28},
  year={1996},
  publisher={Springer}
}


@inproceedings{Vert2005,
  author = {Vert, J.-P. and Yamanishi, Y.},
  title = {Supervised graph inference},
  booktitle = {Advances in NIPS},
  pages = {1433-1440},
  year = {2005}}

@article{vertregularization,
  title={Regularization of Kernel Methods by Decreasing the Bandwidth of the Gaussian Kernel},
  author={Vert, Jean-Philippe},
  publisher={Citeseer}
}

@article{vonMering_nature02,
  author = {von Mering, C. and Krause, R. and Snel, B. and Cornell, M. and Oliver, S. G. and Fields, S. and Bork, P.},
  journal = {Nature},
  pages = {399--403},
  title = {Comparative assessment of large-scale data sets of protein--protein interactions},
  volume = {417},
  year = {2002}}

%%% W
@book{Wahba90,
title = {Spline model for observational data},
author = {Wahba, G.},
publisher = {Philadelphia, Society for Industrial and Applied Mathematics},
year = {1990}}

@inproceedings{Wahlstrom2013,
    author = {N. Wahlstr\"{o}m and M. Kok and T.B. Sch\"{o}n and Fredrik Gustafsson},
    title = {Modeling magnetic fields using Gaussian processes},
    booktitle = {in Proc. of the 38th ICASSP},
    year = {2013}
}
@inproceedings{Whang_naacl07_mmr,
  address = {East Stroudsburg, PA, USA},
  author = {Wang, Z. and Shawe-Taylor, J. and Szedmak, S.},
  booktitle = {Proc. of North American Association for  Computational Linguistics / Human Language Technology},
  pages = {185--188},
  publisher = {Association for Computational Linguistics},
  title = {Kernel regression based machine translation},
  year = {2007}}

@inproceedings{Weston03,
  author = {Weston, J. and Chapelle, O. and Elisseeff, A. and Sch\"{o}lkopf, B. and Vapnik, V.},
  title = {Kernel dependency estimation},
  booktitle = {Advances in NIPS 15},
  editor = {Becker, S. and Thrun, S. and Obermayer, K.},
  publisher = {MIT Press},
  year = {2003}}

%%% Y


@inproceedings{Yang2015,
  author    = {Zichao Yang and
               Andrew Gordon Wilson and
               Alexander J. Smola and
               Le Song},
  title     = {A la Carte - Learning Fast Kernels},
  booktitle = {Proc. of {AISTATS} 2015, San Diego, California,
               USA, 2015},
  year      = {2015},
  timestamp = {Thu, 07 May 2015 20:10:44 +0200},
  biburl    = {http://dblp.uni-trier.de/rec/bib/conf/aistats/YangWSS15},
  bibsource = {dblp computer science bibliography, http://dblp.org}
}

@Proc.{aistats2015,
  editor    = {Guy Lebanon and
               S. V. N. Vishwanathan},
  title     = {Proc. of 8th Conf. on AISTAT, {AISTATS} 2015, San Diego, California,
               USA, May 9-12, 2015},
  series    = {{JMLR} Proc.},
  volume    = {38},
  publisher = {JMLR.org},
  year      = {2015},
}


@inproceedings{Yang2012,
title = {Nystr\"{o}m Method vs Random Fourier Features: A Theoretical and Empirical Comparison},
author = {Yang, T. and Li, Y.-F. and Mahdavi, M. and Jin, R. and Zhou, Z.},
booktitle = {NIPS 25},
editor = {F. Pereira and C.J.C. Burges and L. Bottou and K.Q. Weinberger},
pages = {476--484},
year = {2012}
}


@article{Yamanishi_bioinfo04,
  author = {Yamanishi, Y. and Vert, J.-P. and Kanehisa, M.},
  journal = {Bioinformatics},
  title = {Protein network inference from multiple genomic data: a supervised approach},
  volume = {20},
  address = {Oxford, UK},
  pages = {i363-i370},
  publisher = {Oxford University Press},
  year = {2004}}

@article{Yamanishi_bioinfo05,
  author = {Yamanishi, Y. and Vert, J.-P. and Kanehisa, M.},
  journal = {Bioinformatics},
    title =  {Supervised enzyme network inference from the
                  integration of genomic data and chemical information},
  volume = 21,
  pages = {i468-i477},
  year = 2005}

@article{Yip_bioinfo09,
    author = {Yip, K. Y. and Gerstein, M.},
    journal = {Bioinformatics},
    number = {2},
    pages = {243--250},
    title = {Training set expansion: an approach to improving the reconstruction of biological networks from limited   and uneven reliable interactions},
    volume = {25},
    year = {2009}}

%%% Z
@inproceedings{Zhou_nips04,
   author = {Zhou, D. and Bousquet, O. and Lal, T. N. and Weston,  J. and {Sch\"{o}lkopf}, B.},
    title = {Learning with Local and Global Consistency},
    booktitle =  {Advances in NIPS 16},
    publisher = {MIT Press},
  address =  {Cambridge, MA},
    year = {2004}}
% Zhang : refinement / bochner theorem

@article{Zhang2012,
  author = {Zhang, Haizhang and Xu, Yuesheng and Zhang, Qinghui},
  journal = {Journal of Machine Learning Research},
  pages = {91-136},
  title = {Refinement of Operator-valued Reproducing Kernels.},
  volume = 13,
  year = 2012
}
